@inproceedings{Pastorek21:357497,
	author = {Pastorek, J. and Fencl, M. and Rieckermann, J., and Bare{\v s}, V.},
	title = {Precipitation Estimates from Microwave Links for Urban Hydrology: Improving the Accuracy Using Wet-Antenna Calibration},
	booktitle = {Proceedings of CELLular ENvironment MONitoring (CELLENMON) Workshop},
	publisher = {Tel-Aviv University},
	address = {Tel-Aviv, IL},
	year = {2021},
	language = {English}
}

@inproceedings{Pastorek21:357488,
	author = {Pastorek, J. and Fencl, M. and Rieckermann, J., and Bare{\v s}, V.},
	title = {Microwave link rainfall data for urban drainage modelling: Reducing the systematic errors under data-scarce conditions},
	booktitle = {Conference Proceedings - 15th International Conference on Urban Drainage},
	publisher = {IWA},
	address = {Oxford, GB},
	year = {2021},
	language = {English}
}

@article{Pastorek22:351934,
	author = {Pastorek, J. and Fencl, M. and Rieckermann, J., and Bare{\v s}, V.},
	title = {Precipitation Estimates From Commercial Microwave Links: Practical Approaches to Wet-Antenna Correction},
	year = {2022},
	journal = {IEEE Transactions on Geoscience and Remote Sensing},
	volume = {60},
	language = {English},
	url = {https://ieeexplore.ieee.org/document/9537898},
	doi = {10.1109/TGRS.2021.3110004}
}

@inproceedings{Fencl20:349415,
	author = {Fencl, M. and Bare{\v s}, V. and Pastorek, J. and Mudroch, M., and Pecha{\v c}, P.},
	title = {Commercial Microwave Links for Urban Rainfall-runoff Modelling},
	booktitle = {RealPeP - Precipitation and Flash Flood Prediction from Minutes to Days},
	publisher = {European Meteorological Society},
	address = {Berlin, DE},
	year = {2020},
	language = {English},
	url = {https://indico.scc.kit.edu/event/883/contributions/7568/attachments/3676/5417/Commercial_Microwave_Links_for_Urban_Rainfall-runoff_Modelling_final.pdf}
}

@inproceedings{Pastorek20:345276,
	author = {Pastorek, J. and Fencl, M. and Rieckermann, J., and Bare{\v s}, V.},
	title = {The importance of adequate correction for the wet antenna effect when predicting urban rainfall-runoff using microwave link data},
	booktitle = {AGU Fall Meeting 2020 Abstracts},
	publisher = {American Geophysical Union},
	address = {Washington, US},
	year = {2020},
	language = {English}
}

@inproceedings{Pastorek20:341797,
	author = {Pastorek, J. and Fencl, M. and Rieckermann, J., and Bare{\v s}, V.},
	title = {Commercial microwave links in urban rainfall-runoff modelling: Two different approaches to removing the bias},
	booktitle = {EGU General Assembly 2020},
	publisher = {Copernicus Publications},
	address = {G{\" o}ttingen, DE},
	year = {2020},
	language = {English},
	url = {https://meetingorganizer.copernicus.org/EGU2020/EGU2020-9384.html?EGUsphere},
	doi = {10.5194/egusphere-egu2020-9384}
}

@inproceedings{Pastorek19:332737,
	author = {Pastorek, J. and Fencl, M. and Rieckermann, J., and Bare{\v s}, V.},
	title = {Long-term rainfall-runoff experiment at a small urban catchment using dense CML network},
	booktitle = {Proceedings of Symposium on the hydrometeorological usage of data from commercial microwave link networks},
	publisher = {Karlsruhe Institute of Technology},
	address = {Garmisch-Partenkirchen},
	year = {2019},
	language = {English},
	url = {https://indico.scc.kit.edu/event/570/contributions/5713/contribution.pdf}
}

@article{Pastorek19:331097,
	author = {Pastorek, J. and Fencl, M. and Rieckermann, J., and Bare{\v s}, V.},
	title = {Commercial microwave links for urban drainage modelling: The effect of link characteristics and their position on runoff simulations},
	year = {2019},
	journal = {Journal of Environmental Management},
	volume = {251},
	month = {December},
	language = {English},
	doi = {10.1016/j.jenvman.2019.109522}
}

@inproceedings{Pastorek18:331094,
	author = {Pastorek, J. and Fencl, M., and Bare{\v s}, V.},
	title = {The suitability of precipitation estimates from short CMLs for urban hydrological predictions},
	booktitle = {Proceedings of 11th International Workshop on Precipitation in Urban Areas},
	publisher = {ETH Zurich},
	address = {Zurich, CH},
	year = {2018},
	language = {English},
	url = {https://www.research-collection.ethz.ch/handle/20.500.11850/347556},
	doi = {10.3929/ethz-b-000347556}
}

@inproceedings{Pastorek19:331093,
	author = {Pastorek, J. and Fencl, M., and Bare{\v s}, V.},
	title = {Calibrating microwave link rainfall retrieval model using runoff observations},
	booktitle = {Geophysical Research Abstracts},
	publisher = {Copernicus GmbH},
	address = {G{\" o}ttingen, DE},
	year = {2019},
	series = {EGU General Assembly 2019},
	volume = {21},
	language = {English},
	url = {https://meetingorganizer.copernicus.org/EGU2019/EGU2019-10072.pdf}
}

@inproceedings{Bares18:330166,
	author = {Bare{\v s}, V. and Fencl, M. and Str{\' a}nsk{\' y}, D., and Pastorek, J.},
	title = {VALIDACE SR{\' A}{\v Z}KOV{\' Y}CH DAT Z MIKROVLNN{\' Y}CH SPOJ{\r U} PRO POT{\v R}EBY M{\v E}STSK{\' E} HYDROLOGIE: V{\' Y}SLEDKY Z PILOTN{\' I}CH LOKALIT},
	booktitle = {Sborn{\' i}k p{\v r}edn{\' a}{\v s}ek konference s mezin{\' a}rodn{\' i} {\' u}{\v c}ast{\' i} M{\v e}stsk{\' e} vody 2018},
	publisher = {ARDEC s.r.o.},
	address = {Brno, CZ},
	year = {2018},
	language = {Czech}
}

@inproceedings{Pastorek18:323667,
	author = {Pastorek, J. and Fencl, M. and Rieckermann, J., and Bare{\v s}, V.},
	title = {Commercial Microwave Links in Urban Drainage Modelling: On Deriving Precipitation Estimates for Various Link Lengths},
	booktitle = {Proceedings of 11th International Conference on Urban Drainage Modelling},
	publisher = {Ingegneria Civile, Amb., Aerosp., dei Materiali University of Palermo},
	address = {Palermo},
	year = {2018},
	language = {English}
}

@inproceedings{Pastorek18:322161,
	author = {Pastorek, J. and Fencl, M. and Str{\' a}nsk{\' y}, D. and Rieckermann, J., and Bare{\v s}, V.},
	title = {CML precipitation estimates for hydrological modelling: A three-year experiment},
	booktitle = {EGU General Assembly 2018},
	publisher = {European Geosciences Union},
	address = {Munich, DE},
	year = {2018},
	volume = {Vol. 20},
	language = {English},
	url = {https://meetingorganizer.copernicus.org/EGU2018/EGU2018-18667.pdf}
}

@article{Pastorek18:319181,
	author = {Pastorek, J. and Fencl, M. and Rieckermann, J. and S{\' y}kora, P. and Str{\' a}nsk{\' y}, D. and Dohnal, M., and Bare{\v s}, V.},
	title = {Posouzen{\' i} sr{\' a}{\v z}kov{\' y}ch dat z mikrovlnn{\' y}ch spoj{\r u} v m{\v e}stsk{\' e}m povod{\' i} pomoc{\' i} anal{\' y}zy nejistot hydrologick{\' e}ho modelu},
	year = {2018},
	number = {1},
	journal = {SOVAK : {\v C}asopis oboru vodovod{\r u} a kanalizac{\' i}},
	volume = {27},
	month = {Leden},
	language = {Czech}
}

@inproceedings{Pastorek17:313417,
	author = {Pastorek, J. and Fencl, M. and Str{\' a}nsk{\' y}, D. and Rieckermann, J, and Bare{\v s}, V.},
	title = {Reliability of microwave link rainfall data for urban runoff modelling},
	booktitle = {Conference Proceedings - 14th IWA/IAHR ICUD},
	publisher = {C-IN},
	address = {Praha, CZ},
	year = {2017},
	language = {English}
}

@inproceedings{Pastorek17:313320,
	author = {Pastorek, J. and Fencl, M. and Str{\' a}nsk{\' y}, D. and Rieckermann, J, and Bare{\v s}, V.},
	title = {Pou{\v z}itie zr{\' a}{\v z}kov{\' y}ch d{\' a}t z mikrovlnn{\' y}ch spojov v zr{\' a}{\v z}ko-odtokovom modelovan{\' i} mestsk{\' y}ch povod{\' i}},
	booktitle = {HYDROLOGIE MAL{\' E}HO POVOD{\' I} 2017},
	publisher = {{\' U}stav pro hydrodynamiku AV {\v C}R, v. v. i.},
	address = {Praha, CZ},
	year = {2017},
	language = {Slovak}
}

@inproceedings{Pastorek17:313319,
	author = {Pastorek, J. and Fencl, M. and Str{\' a}nsk{\' y}, D. and Rieckermann, J., and Bare{\v s}, V.},
	title = {Predicting urban stormwater runoff with quantitative precipitation estimates from commercial microwave links},
	booktitle = {Geophysical Research Abstracts},
	publisher = {Copernicus GmbH},
	address = {G{\" o}ttingen, DE},
	year = {2017},
	series = {EGU General Assembly 2017},
	volume = {19},
	language = {English},
	url = {http://meetingorganizer.copernicus.org/EGU2017/EGU2017-1525.pdf}
}

@inproceedings{Pastorek16:309747,
	author = {Pastorek, J. and Fencl, M. and Rieckermann, J. and S{\' y}kora, P. and Str{\' a}nsk{\' y}, D. and Dohnal, M., and Bare{\v s}, V.},
	title = {The effect of innovative rainfall data on urban drainage modelling by means of model uncertainty},
	booktitle = {M{\v e}stsk{\' e} vody â€“ Urban Water 2016},
	publisher = {ARDEC s.r.o.},
	address = {Brno, CZ},
	year = {2016},
	language = {English}
}